@article{BK65,
  title={Convergence rates in the law of large numbers},
  author={Baum, Leonard E and Katz, Melvin},
  journal={Transactions of the American Mathematical Society},
  volume={120},
  number={1},
  pages={108--123},
  year={1965},
  publisher={JSTOR}
}

@article{Erdos49,
  title={On a theorem of Hsu and Robbins},
  author={Erdos, Paul},
  journal={The Annals of Mathematical Statistics},
  volume={20},
  number={2},
  pages={286--291},
  year={1949},
  publisher={JSTOR}
}